<record><leader>00000cas a22000007a 4500</leader><controlfield tag="001">10444123</controlfield><controlfield tag="008">840222d18uu1874ncuwr ne      0    0eng d</controlfield><datafield ind1=" " ind2=" " tag="010"><subfield code="a">sn 84026446 </subfield></datafield><datafield ind1=" " ind2=" " tag="040"><subfield code="a">NPU</subfield><subfield code="b">eng</subfield><subfield code="c">NPU</subfield><subfield code="d">NPX</subfield><subfield code="d">NVJ</subfield><subfield code="d">NVF</subfield><subfield code="d">DLC</subfield><subfield code="d">OCLCQ</subfield><subfield code="d">OCLCF</subfield></datafield><datafield ind1=" " ind2=" " tag="042"><subfield code="a">msc</subfield></datafield><datafield ind1=" " ind2=" " tag="043"><subfield code="a">n-us-nc</subfield></datafield><datafield ind1="0" ind2="0" tag="050"><subfield code="a">Newspaper</subfield></datafield><datafield ind1="0" ind2=" " tag="130"><subfield code="a">New Berne weekly times (New Berne, N.C. : 1873)</subfield></datafield><datafield ind1="1" ind2="4" tag="245"><subfield code="a">The New Berne weekly times.</subfield></datafield><datafield ind1=" " ind2=" " tag="260"><subfield code="a">New Berne, N.C. :</subfield><subfield code="b">E. Hubbs</subfield></datafield><datafield ind1=" " ind2=" " tag="300"><subfield code="a">v. ;</subfield><subfield code="c">61 cm.</subfield></datafield><datafield ind1=" " ind2=" " tag="310"><subfield code="a">Weekly</subfield></datafield><datafield ind1="1" ind2=" " tag="362"><subfield code="a">Ceased in 1874.</subfield></datafield><datafield ind1=" " ind2=" " tag="580"><subfield code="a">Daily eds.: New Berne daily times, &lt;1873&gt;, and: New Berne times, 1873-&lt;1874&gt;.</subfield></datafield><datafield ind1=" " ind2=" " tag="588"><subfield code="a">Description based on: Vol. 4, no. 4 (Feb. 20, 1873).</subfield></datafield><datafield ind1=" " ind2="0" tag="651"><subfield code="a">New Bern (N.C.)</subfield><subfield code="v">Newspapers.</subfield></datafield><datafield ind1=" " ind2="7" tag="655"><subfield code="a">Newspapers.</subfield><subfield code="2">fast</subfield><subfield code="0">(OCoLC)fst01423814</subfield></datafield><datafield ind1=" " ind2="7" tag="651"><subfield code="a">North Carolina</subfield><subfield code="z">New Bern.</subfield><subfield code="2">fast</subfield><subfield code="0">(OCoLC)fst01217415</subfield></datafield><datafield ind1=" " ind2=" " tag="752"><subfield code="a">United States</subfield><subfield code="b">North Carolina</subfield><subfield code="c">Craven</subfield><subfield code="d">New Bern.</subfield></datafield><datafield ind1="1" ind2=" " tag="775"><subfield code="t">New Berne daily times</subfield><subfield code="w">(DLC)sn 85042124</subfield></datafield><datafield ind1="1" ind2=" " tag="775"><subfield code="t">New Berne times</subfield><subfield code="w">(DLC)sn 85042125</subfield></datafield><datafield ind1="0" ind2="7" tag="785"><subfield code="t">Republic-courier</subfield><subfield code="w">(DLC)sn 91068520</subfield></datafield><datafield ind1="0" ind2="7" tag="785"><subfield code="t">New Berne weekly times and Republic-courier</subfield><subfield code="w">(DLC)sn 85026871</subfield></datafield></record>